@article{Arcticoder2025Uniform12j,
  title={Uniform closed-form representation of SU(2) 12j symbols},
  author={Arcticoder},
  year={2025},
  journal={arXiv preprint},
  note={In preparation}
}

@article{Arcticoder2025Generating,
  title={Universal generating functional for SU(2) 3nj symbols},
  author={Arcticoder},
  year={2025},
  journal={arXiv preprint},
  note={In preparation}
}

@article{AshtekarLewandowski2004,
  title={Background independent quantum gravity: a status report},
  author={Ashtekar, Abhay and Lewandowski, Jerzy},
  journal={Classical and Quantum Gravity},
  volume={21},
  number={15},
  pages={R53},
  year={2004},
  publisher={IOP Publishing}
}
